@inproceedings{johnson2016supervised,
  title={Supervised and Semi-Supervised Text Categorization using LSTM for Region Embeddings},
  author={Johnson, Rie and Zhang, Tong},
  booktitle={Proceedings of The 33rd International Conference on Machine Learning},
  pages={526--534},
  year={2016}
}


@article{zhang2006multilabel,
  title={Multilabel neural networks with applications to functional genomics and text categorization},
  author={Zhang, Min-Ling and Zhou, Zhi-Hua},
  journal={IEEE transactions on Knowledge and Data Engineering},
  volume={18},
  number={10},
  pages={1338--1351},
  year={2006},
  publisher={IEEE}
}


@article{johnson2014effective,
  title={Effective use of word order for text categorization with convolutional neural networks},
  author={Johnson, Rie and Zhang, Tong},
  journal={arXiv preprint arXiv:1412.1058},
  year={2014}
}

@inproceedings{boytcheva2012automatic,
  title={Automatic analysis of patient history episodes in Bulgarian hospital discharge letters},
  author={Boytcheva, Svetla and Angelova, Galia and Nikolova, Ivelina},
  booktitle={Proceedings of the Demonstrations at the 13th Conference of the European Chapter of the Association for Computational Linguistics},
  pages={77--81},
  year={2012},
  organization={Association for Computational Linguistics}
}

@article{kim2014convolutional,
  title={Convolutional neural networks for sentence classification},
  author={Kim, Yoon},
  journal={arXiv preprint arXiv:1408.5882},
  year={2014}
}

@article{goldberg2015primer,
  title={A primer on neural network models for natural language processing},
  author={Goldberg, Yoav},
  journal={arXiv preprint arXiv:1510.00726},
  year={2015}
}

@article{wang2016cnn,
  title={CNN-RNN: A Unified Framework for Multi-label Image Classification},
  author={Wang, Jiang and Yang, Yi and Mao, Junhua and Huang, Zhiheng and Huang, Chang and Xu, Wei},
  journal={arXiv preprint arXiv:1604.04573},
  year={2016}
}

@article{lipton2015learning,
  title={Learning to Diagnose with LSTM Recurrent Neural Networks},
  author={Lipton, Zachary C and Kale, David C and Elkan, Charles and Wetzell, Randall},
  journal={arXiv preprint arXiv:1511.03677},
  year={2015}
}

@inproceedings{papineni2002bleu,
  title={BLEU: a method for automatic evaluation of machine translation},
  author={Papineni, Kishore and Roukos, Salim and Ward, Todd and Zhu, Wei-Jing},
  booktitle={Proceedings of the 40th annual meeting on association for computational linguistics},
  pages={311--318},
  year={2002},
  organization={Association for Computational Linguistics}
}

@inproceedings{bollacker2008freebase,
  title={Freebase: a collaboratively created graph database for structuring human knowledge},
  author={Bollacker, Kurt and Evans, Colin and Paritosh, Praveen and Sturge, Tim and Taylor, Jamie},
  booktitle={Proceedings of the 2008 ACM SIGMOD international conference on Management of data},
  pages={1247--1250},
  year={2008},
  organization={ACM}
}

@article{etzioni2008open,
  title={Open information extraction from the {W}eb},
  author={Etzioni, Oren and Banko, Michele and Soderland, Stephen and Weld, Daniel S},
  journal={Communications of the ACM},
  volume={51},
  number={12},
  pages={68--74},
  year={2008},
  publisher={ACM}
}

@Book{fellbaum1998wordnet,
    title = {{WordNet}: {An} Electronic Lexical Database},
    editor = {Christiane Fellbaum},
    year = {1998},
    publisher = {MIT Press},
    address = {Cambridge, MA},
    isbn = {978-0262061971},
  }

@inproceedings{adler2012entailment,
  author    = {Meni Adler and
               Jonathan Berant and
               Ido Dagan},
  title     = {Entailment-based Text Exploration with Application to the
               Health-care Domain},
  booktitle = {Proceedings of the System Demonstrations of the 50th Annual Meeting of the Association for Computational Linguistics (ACL 2012)},
  year      = {2012},
  pages     = {79--84},
}

@InProceedings{freitag1998toward,
  author    = {Dayne Freitag},
  title     = {Toward General-Purpose Learning for Information Extraction},
  booktitle = {Proceedings of the 36th Annual Meeting of the Association for Computational Linguistics and 17th International Conference on Computational Linguistics, Volume 1},
  month     = {August},
  year      = {1998},
  address   = {Montreal, Quebec, Canada},
  publisher = {Association for Computational Linguistics},
  pages     = {404--408},
  url       = {http://www.aclweb.org/anthology/P98-1067},
  doi       = {10.3115/980845.980914}
}

@InProceedings{hoffmann2010learning,
  author    = {Hoffmann, Raphael  and  Zhang, Congle  and  Weld, Daniel S.},
  title     = {Learning 5000 Relational Extractors},
  booktitle = {Proceedings of the 48th Annual Meeting of the Association for Computational Linguistics},
  month     = {July},
  year      = {2010},
  address   = {Uppsala, Sweden},
  publisher = {Association for Computational Linguistics},
  pages     = {286--295},
  url       = {http://www.aclweb.org/anthology/P10-1030}
}

@InProceedings{wu2010open,
  author    = {Wu, Fei  and  Weld, Daniel S.},
  title     = {Open Information Extraction Using Wikipedia},
  booktitle = {Proceedings of the 48th Annual Meeting of the Association for Computational Linguistics},
  month     = {July},
  year      = {2010},
  address   = {Uppsala, Sweden},
  publisher = {Association for Computational Linguistics},
  pages     = {118--127},
  url       = {http://www.aclweb.org/anthology/P10-1013}
}

@inproceedings{fader2011identifying,
  title={Identifying relations for open information extraction},
  author={Fader, Anthony and Soderland, Stephen and Etzioni, Oren},
  booktitle={Proceedings of the Conference on Empirical Methods in Natural Language Processing},
  pages={1535--1545},
  year={2011},
  organization={Association for Computational Linguistics}
}

@InProceedings{mausam2012open,
  author    = {Mausam  and  Schmitz, Michael  and  Soderland, Stephen  and  Bart, Robert  and  Etzioni, Oren},
  title     = {Open Language Learning for Information Extraction},
  booktitle = {Proceedings of the 2012 Joint Conference on Empirical Methods in Natural Language Processing and Computational Natural Language Learning},
  month     = {July},
  year      = {2012},
  address   = {Jeju Island, Korea},
  publisher = {Association for Computational Linguistics},
  pages     = {523--534},
  url       = {http://www.aclweb.org/anthology/D12-1048}
}

@InProceedings{ollie,
  author    = {Mausam  and  Schmitz, Michael  and  Soderland, Stephen  and  Bart, Robert  and  Etzioni, Oren},
  title     = {Open Language Learning for Information Extraction},
  booktitle = {Proceedings of the 2012 Joint Conference on Empirical Methods in Natural Language Processing and Computational Natural Language Learning},
  month     = {July},
  year      = {2012},
  address   = {Jeju Island, Korea},
  publisher = {Association for Computational Linguistics},
  pages     = {523--534},
  url       = {http://www.aclweb.org/anthology/D12-1048}
}

@InProceedings{xu2013open,
  author    = {Xu, Ying  and  Kim, Mi-Young  and  Quinn, Kevin  and  Goebel, Randy  and  Barbosa, Denilson},
  title     = {Open Information Extraction with Tree Kernels},
  booktitle = {Proceedings of the 2013 Conference of the North American Chapter of the Association for Computational Linguistics: Human Language Technologies},
  month     = {June},
  year      = {2013},
  address   = {Atlanta, Georgia},
  publisher = {Association for Computational Linguistics},
  pages     = {868--877},
  url       = {http://www.aclweb.org/anthology/N13-1107}
}


@InProceedings{demarneffe2008stanford,
  author    = {de Marneffe, Marie-Catherine  and  Manning, Christopher D.},
  title     = {The {S}tanford Typed Dependencies Representation},
  booktitle = {Coling 2008: Proceedings of the on Cross-Framework and Cross-Domain Parser Evaluation},
  month     = {August},
  year      = {2008},
  address   = {Manchester, UK},
  publisher = {Coling 2008 Organizing Committee},
  pages     = {1--8},
  url       = {http://www.aclweb.org/anthology/W08-1301}
}


@article{dagan2013recognizing,
  title={Recognizing Textual Entailment: Models and Applications},
  author={Dagan, Ido and Roth, Dan and Sammons, Mark and Zanzotto, Fabio Massimo},
  journal={Synthesis Lectures on Human Language Technologies},
  volume={6},
  number={4},
  pages={1--220},
  year={2013},
  publisher={Morgan \& Claypool Publishers}
}

@InProceedings{levy2014focused,
  author    = {Levy, Omer  and  Dagan, Ido  and  Goldberger, Jacob},
  title     = {Focused Entailment Graphs for Open IE Propositions},
  booktitle = {Proceedings of the Eighteenth Conference on Computational Natural Language Learning},
  month     = {June},
  year      = {2014},
  address   = {Baltimore, Maryland, USA},
  publisher = {Association for Computational Linguistics},
}


@InProceedings{intermediary,
  author    = {Stanovsky, Gabriel and Ficler, Jessica and Dagan, Ido and Goldberg, Yoav},
  title     = {Intermediary Semantic Representation through Proposition Structures},
  booktitle = {Workshop on Semantic Parsing},
  month     = {June},
  year      = {2014},
  address   = {Baltimore, Maryland, USA},
  publisher = {Association for Computational Linguistics},
}

@article{ie,
  title={Information extraction},
  author={Cowie, Jim and Lehnert, Wendy},
  journal={Communications of the ACM},
  volume={39},
  number={1},
  pages={80--91},
  year={1996},
  publisher={ACM}
}

@incollection{olderdbpedia,
  title={Dbpedia: A nucleus for a web of open data},
  author={Auer, S{\"o}ren and Bizer, Christian and Kobilarov, Georgi and Lehmann, Jens and Cyganiak, Richard and Ives, Zachary},
  booktitle={The semantic web},
  pages={722--735},
  year={2007},
  publisher={Springer}
}

@article{dbpedia,
  author = {Jens Lehmann and Robert Isele and Max Jakob and
	Anja Jentzsch and Dimitris Kontokostas and Pablo N. Mendes and Sebastian
	Hellmann and Mohamed Morsey and Patrick van Kleef and SÃ¶ren Auer
	and Christian Bizer},
  title = {{DBpedia - A Large-scale, Multilingual Knowledge Base Extracted from
	Wikipedia}},
  journal = {Semantic Web Journal},
  year = {2014},
  owner = {pablomendes},
  timestamp = {2013.10.19}
}

@article{yago,
  title={Yago: A large ontology from wikipedia and wordnet},
  author={Suchanek, Fabian M and Kasneci, Gjergji and Weikum, Gerhard},
  journal={Web Semantics: Science, Services and Agents on the World Wide Web},
  volume={6},
  number={3},
  pages={203--217},
  year={2008},
  publisher={Elsevier}
}

@inproceedings{snowball,
  title={StatSnowball: a statistical approach to extracting entity relationships},
  author={Zhu, Jun and Nie, Zaiqing and Liu, Xiaojiang and Zhang, Bo and Wen, Ji-Rong},
  booktitle={Proceedings of the 18th international conference on World wide web},
  pages={101--110},
  year={2009},
  organization={ACM}
}

@inproceedings{woe,
  title={Information extraction from Wikipedia: Moving down the long tail},
  author={Wu, Fei and Hoffmann, Raphael and Weld, Daniel S},
  booktitle={Proceedings of the 14th ACM SIGKDD international conference on Knowledge discovery and data mining},
  pages={731--739},
  year={2008},
  organization={ACM}
}


@inproceedings{wikilongtail,
  title={Information extraction from Wikipedia: Moving down the long tail},
  author={Wu, Fei and Hoffmann, Raphael and Weld, Daniel S},
  booktitle={Proceedings of the 14th ACM SIGKDD international conference on Knowledge discovery and data mining},
  pages={731--739},
  year={2008},
  organization={ACM}
}

@inproceedings{gupta2014text,
  title={Text Summarization through Entailment-based Minimum Vertex Cover},
  author={Gupta, Anand and Kathuria, Manpreet and Mirkin, Shachar and Singh, Adarsh and Goyal, Aseem},
  booktitle={*{SEM}},
  year={2014}
}

@InProceedings{levy2014focused,
  author    = {Levy, Omer  and  Dagan, Ido  and  Goldberger, Jacob},
  title     = {Focused Entailment Graphs for Open IE Propositions},
  booktitle = {Proceedings of the Eighteenth Conference on Computational Natural Language Learning},
  month     = {June},
  year      = {2014},
  address   = {Baltimore, Maryland, USA},
  publisher = {Association for Computational Linguistics},
}


@InProceedings{intermediary,
  author    = {Stanovsky, Gabriel and Ficler, Jessica and Dagan, Ido and Goldberg, Yoav},
  title     = {Intermediary Semantic Representation through Proposition Structures},
  booktitle = {Workshop on Semantic Parsing},
  month     = {June},
  year      = {2014},
  address   = {Baltimore, Maryland, USA},
  publisher = {Association for Computational Linguistics},
}

@article{amr,
  title={Abstract meaning representation for sembanking},
  author={Banarescu, Laura and Bonial, Claire and Cai, Shu and Georgescu, Madalina and Griffitt, Kira and Hermjakob, Ulf and Knight, Kevin and Koehn, Philipp and Palmer, Martha and Schneider, Nathan},
  year={2013}
}

@article{propbank,
  title={The proposition bank: An annotated corpus of semantic roles},
  author={Palmer, Martha and Gildea, Daniel and Kingsbury, Paul},
  journal={Computational linguistics},
  volume={31},
  number={1},
  pages={71--106},
  year={2005},
  publisher={MIT press}
}

@inproceedings{raising-control,

  title={Using very large corpora to detect Raising and Control verbs},
  author={Grzegorz Chrupa\l{}a and Josef van Genabith},
  booktitle={Proceedings of the LFG07 Conference},
  year={2007}
}


@inproceedings{SRL,

  title={Introduction to the CoNLL-2005 shared task: Semantic role labeling},
  author={Carreras, Xavier and M{\`a}rquez, Llu{\'\i}s},
  booktitle={Proceedings of CONLL},
  pages={152--164},
  year={2005},
}


@article{artzi-zettlemoyer:2011:TACL,
  title={Weakly Supervised Learning of Semantic Parsers for Mapping Instructions to Actions},
  author={Artzi, Yoav and Zettlemoyer, Luke},
  journal={Transactions of the Association for Computational Linguistics},
  volume={1},
  number={1},
  pages={49--62},
  year={2013}
}

@inproceedings{liang11dcs,
  author = {P. Liang and M. I. Jordan and D. Klein},
  booktitle = {Proceedings of ACL},
  pages = {590--599},
  title = {Learning Dependency-Based Compositional Semantics},
  year = {2011},
}

@inproceedings{asher,
  author = {Asher Stern and Ido Dagan},
  booktitle = {Proceedings of ACL},
  title = {Recognizing Implied Predicate-Argument Relationships in Textual Inference},
  year = {2014},
  organization={Association for Computational Linguistics}
}
@inproceedings{stern2012efficient,
  title={Efficient search for transformation-based inference},
  author={Stern, Asher and Stern, Roni and Dagan, Ido and Felner, Ariel},
  booktitle={Proceedings of the 50th Annual Meeting of the Association for Computational Linguistics: Long Papers-Volume 1},
  pages={283--291},
  year={2012},
  organization={Association for Computational Linguistics}
}

@inproceedings{luke05uai,
  author = {Zettlemoyer, Luke S. and Collins, Michael},
  booktitle = {UAI},
  pages = {658-666},
  publisher = {AUAI Press},
  title = {Learning to Map Sentences to Logical Form: Structured Classification with Probabilistic Categorial Grammars.},
  year = 2005
}


@inproceedings{sd,
  title={The Stanford typed dependencies representation},
  author={de Marneffe, Marie-Catherine and Manning, Christopher D},
  booktitle={Coling 2008: Proceedings of the workshop on Cross-Framework and Cross-Domain Parser Evaluation},
  pages={1--8},
  year={2008}
}

@inproceedings{framenet,

  title={The berkeley framenet project},
  author={Baker, Collin F and Fillmore, Charles J and Lowe, John B},
  booktitle={Proceedings of ACL},
  pages={86--90},
  year={1998},
  organization={Association for Computational Linguistics}
}


@article{banarescu2013abstract,
  title={Abstract meaning representation for sembanking},
  author={Banarescu, Laura and Bonial, Claire and Cai, Shu and Georgescu, Madalina and Griffitt, Kira and Hermjakob, Ulf and Knight, Kevin and Koehn, Philipp and Palmer, Martha and Schneider, Nathan},
  year={2013}
}



@inproceedings{nombank,
  title={The NomBank project: An interim report},
  author={Meyers, Adam and Reeves, Ruth and Macleod, Catherine and Szekely, Rachel and Zielinska, Veronika and Young, Brian and Grishman, Ralph},
  booktitle={HLT-NAACL 2004 workshop: Frontiers in corpus annotation},
  pages={24--31},
  year={2004}
}

@article{ptb,
  title={Building a large annotated corpus of English: The Penn Treebank},
  author={Marcus, Mitchell P and Marcinkiewicz, Mary Ann and Santorini, Beatrice},
  journal={Computational linguistics},
  volume={19},
  number={2},
  pages={313--330},
  year={1993}
}

@inproceedings{nomlex,
  title={Nomlex: A lexicon of nominalizations},
  author={Macleod, Catherine and Grishman, Ralph and Meyers, Adam and Barrett, Leslie and Reeves, Ruth},
  booktitle={Proceedings of EURALEX},
  volume={98},
  pages={187--193},
  year={1998}
}

@techreport{sd-manual,
   title = {Stanford Typed Dependencies Manual},
   author = {de Marneffe, Marie-Catherine and Manning, Christopher D},
   institution = {Stanford University},
   year = {2008}}


@incollection{drt,
  title={Discourse representation theory},
  author={Kamp, Hans},
  booktitle={Natural Language at the computer},
  pages={84--111},
  year={1988},
  publisher={Springer}
}

@inproceedings{boxer,
  title={Wide-coverage semantic analysis with Boxer},
  author={Bos, Johan},
  booktitle={Proceedings of the 2008 Conference on Semantics in Text Processing},
  pages={277--286},
  year={2008},
  organization={Association for Computational Linguistics}
}

@inproceedings{ruppenhofer2010semeval,
  title={Semeval-2010 task 10: Linking events and their participants in discourse},
  author={Ruppenhofer, Josef and Sporleder, Caroline and Morante, Roser and Baker, Collin and Palmer, Martha},
  booktitle={Proceedings of the 5th International Workshop on Semantic Evaluation},
  pages={45--50},
  year={2010},
  organization={Association for Computational Linguistics}
}

@article{gerber2012semantic,
  title={Semantic role labeling of implicit arguments for nominal predicates},
  author={Gerber, Matthew and Chai, Joyce Y},
  journal={Computational Linguistics},
  volume={38},
  number={4},
  pages={755--798},
  year={2012},
  publisher={MIT Press}
}

@inproceedings{richardson2013mctest,
  title={{MCT}est: A Challenge Dataset for the Open-Domain Machine Comprehension of Text.},
  author={Richardson, Matthew and Burges, Christopher JC and Renshaw, Erin},
  booktitle={EMNLP},
  pages={193--203},
  year={2013}
}

@inproceedings{levy2014dependency,
  title={Dependency-Based Word Embeddings},
  author={Levy, Omer and Goldberg, Yoav},
  booktitle={Proceedings of the 52nd Annual Meeting of the Association for Computational Linguistics},
  volume={2},
  year={2014}
}

%lexical

@article{barzilay1999using,
  title={Using lexical chains for text summarization},
  author={Barzilay, Regina and Elhadad, Michael},
  journal={Advances in automatic text summarization},
  pages={111--121},
  year={1999}
}


%syntactic

@article{kotlerman2010directional,
  title={Directional distributional similarity for lexical inference},
  author={Kotlerman, Lili and Dagan, Ido and Szpektor, Idan and Zhitomirsky-Geffet, Maayan},
  journal={Natural Language Engineering},
  volume={16},
  number={04},
  pages={359--389},
  year={2010},
  publisher={Cambridge Univ Press}
}

% Oren's work

%semantic
@inproceedings{ponzetto2006exploiting,
  title={Exploiting semantic role labeling, WordNet and Wikipedia for coreference resolution},
  author={Ponzetto, Simone Paolo and Strube, Michael},
  booktitle={Proceedings of the main conference on Human Language Technology Conference of the North American Chapter of the Association of Computational Linguistics},
  pages={192--199},
  year={2006},
  organization={Association for Computational Linguistics}
}

%% testsets
@inproceedings{finkelstein2001placing,
  title={Placing search in context: The concept revisited},
  author={Finkelstein, Lev and Gabrilovich, Evgeniy and Matias, Yossi and Rivlin, Ehud and Solan, Zach and Wolfman, Gadi and Ruppin, Eytan},
  booktitle={Proceedings of the 10th international conference on World Wide Web},
  pages={406--414},
  year={2001},
  organization={ACM}
}

@inproceedings{bruni2012distributional,
  title={Distributional semantics in technicolor},
  author={Bruni, Elia and Boleda, Gemma and Baroni, Marco and Tran, Nam-Khanh},
  booktitle={Proceedings of the 50th Annual Meeting of the Association for Computational Linguistics: Long Papers-Volume 1},
  pages={136--145},
  year={2012},
  organization={Association for Computational Linguistics}
}

@inproceedings{radinsky2011word,
  title={A word at a time: computing word relatedness using temporal semantic analysis},
  author={Radinsky, Kira and Agichtein, Eugene and Gabrilovich, Evgeniy and Markovitch, Shaul},
  booktitle={Proceedings of the 20th international conference on World wide web},
  pages={337--346},
  year={2011},
  organization={ACM}
}

@article{luong2013better,
  title={Better word representations with recursive neural networks for morphology},
  author={Luong, Minh-Thang and Socher, Richard and Manning, C},
  journal={CoNLL-2013},
  volume={104},
  year={2013},
  publisher={Citeseer}
}

@article{hill2014simlex,
  title={Simlex-999: Evaluating semantic models with (genuine) similarity estimation},
  author={Hill, Felix and Reichart, Roi and Korhonen, Anna},
  journal={arXiv preprint arXiv:1408.3456},
  year={2014}
}

@article{mikolov2013efficient,
  title={Efficient estimation of word representations in vector space},
  author={Mikolov, Tomas and Chen, Kai and Corrado, Greg and Dean, Jeffrey},
  journal={arXiv preprint arXiv:1301.3781},
  year={2013}
}

@inproceedings{mikolov2013linguistic,
  title={Linguistic Regularities in Continuous Space Word Representations.},
  author={Mikolov, Tomas and Yih, Wen-tau and Zweig, Geoffrey},
  booktitle={HLT-NAACL},
  pages={746--751},
  year={2013},
  organization={Citeseer}
}

%openie as underlying representation
@inproceedings{balasubramanian2013generating,
  title={Generating Coherent Event Schemas at Scale.},
  author={Balasubramanian, Niranjan and Soderland, Stephen and Mausam, Oren Etzioni and Etzioni, Oren},
  booktitle={EMNLP},
  pages={1721--1731},
  year={2013}
}

@inproceedings{christensen2013towards,
  title={Towards Coherent Multi-Document Summarization.},
  author={Christensen, Janara and Mausam, Stephen Soderland and Soderland, Stephen and Etzioni, Oren},
  booktitle={HLT-NAACL},
  pages={1163--1173},
  year={2013},
  organization={Citeseer}
}

%srl systems:
@article{PunyakanokRoYi08,
  author = {V. Punyakanok and D. Roth and W. Yih},
  title = {The Importance of Syntactic Parsing and Inference in Semantic Role Labeling},
  year = {2008},
  journal = {Computational Linguistics},
  volume = {34},
  number = {2},
  url = " http://cogcomp.cs.illinois.edu/papers/PunyakanokRoYi07.pdf",
  funding = {KINDLE,REFLEX,MURI,XPRESSMP},
  projects = {IE,LINL,SP,ILP,SRL},
}

@inproceedings{bjorkelund2009multilingual,
  title={Multilingual semantic role labeling},
  author={Bj{\"o}rkelund, Anders and Hafdell, Love and Nugues, Pierre},
  booktitle={Proceedings of the Thirteenth Conference on Computational Natural Language Learning: Shared Task},
  pages={43--48},
  year={2009},
  organization={Association for Computational Linguistics}
}

@article{nivre2007maltparser,
  title={MaltParser: A language-independent system for data-driven dependency parsing},
  author={Nivre, Joakim and Hall, Johan and Nilsson, Jens and Chanev, Atanas and Eryigit, G{\"u}lsen and K{\"u}bler, Sandra and Marinov, Svetoslav and Marsi, Erwin},
  journal={Natural Language Engineering},
  volume={13},
  number={02},
  pages={95--135},
  year={2007},
  publisher={Cambridge Univ Press}
}

@phdthesis{choi2012optimization,
       author = {Choi, Jinho D.},
       advisor = {Palmer, Martha},
       title = {Optimization of Natural Language Processing Components for
Robustness and Scalability},
       year = {2012},
       isbn = {978-1-267-85392-9},
       note = {AAI3549172},
       publisher = {University of Colorado at Boulder},
       address = {Boulder, CO, USA},
      }

	  

@inproceedings{banko2007open,
  author    = {Michele Banko and
               Michael J. Cafarella and
               Stephen Soderland and
               Matthew Broadhead and
               Oren Etzioni},
  title     = {Open Information Extraction from the Web},
  booktitle = {{IJCAI} 2007, Proceedings of the 20th International Joint Conference
               on Artificial Intelligence, Hyderabad, India, January 6-12, 2007},
  pages     = {2670--2676},
  year      = {2007}
}

@inproceedings{christensen2011an,
  author = {Janara Christensen and Mausam and Stephen Soderland and Oren Etzioni},
  booktitle = {Proceedings of the 6th International Conference on Knowledge Capture (K-CAP '11) },
  title = {An Analysis of Open Information Extraction based on Semantic Role Labeling},
  year = {2011}
}


@inproceedings{etzioni2011open,
 author = {Oren Etzioni and Anthony Fader and Janara Christensen and Stephen Soderland and Mausam},
 title = {Open Information Extraction: the Second Generation},
 booktitle = {Proceedings of the International Joint Conference on Artificial Intelligence (IJCAI '11)},
 year = {2011}
}


@inproceedings{mesquita2013effectiveness,
  author    = {Filipe de S{\'{a}} Mesquita and
               Jordan Schmidek and
               Denilson Barbosa},
  title     = {Effectiveness and Efficiency of Open Relation Extraction},
  booktitle = {Proceedings of the 2013 Conference on Empirical Methods in Natural
               Language Processing, {EMNLP} 2013, 18-21 October 2013, Grand Hyatt
               Seattle, Seattle, Washington, USA, {A} meeting of SIGDAT, a Special
               Interest Group of the {ACL}},
  pages     = {447--457},
  year      = {2013}
}

@inproceedings{akbik2012kraken,
  title={KrakeN: N-ary Facts in Open Information Extraction},
  author={Alan Akbik and Alexander L{\"o}ser},
  booktitle={NAACL-HLT 2012: Proceedings of the The Knowledge Extraction Workshop},
  year={2012}
}


@inproceedings{fader2014open,
  author    = {Anthony Fader and
               Luke Zettlemoyer and
               Oren Etzioni},
  title     = {Open question answering over curated and extracted knowledge bases},
  booktitle = {The 20th {ACM} {SIGKDD} International Conference on Knowledge Discovery
               and Data Mining, {KDD} '14, New York, NY, {USA} - August 24 - 27,
               2014},
  pages     = {1156--1165},
  year      = {2014}
}

@inproceedings{shen2007using,
  author    = {Dan Shen and
               Mirella Lapata},
  title     = {Using Semantic Roles to Improve Question Answering},
  booktitle = {EMNLP-CoNLL 2007, Proceedings of the 2007 Joint Conference on Empirical
               Methods in Natural Language Processing and Computational Natural Language
               Learning, June 28-30, 2007, Prague, Czech Republic},
  pages     = {12--21},
  year      = {2007}
}

@article{liang2013learning,
  author    = {Percy Liang and
               Michael I. Jordan and
               Dan Klein},
  title     = {Learning Dependency-Based Compositional Semantics},
  journal   = {Computational Linguistics},
  volume    = {39},
  number    = {2},
  pages     = {389--446},
  year      = {2013},
}

@article{turney2012domain,
  title={Domain and function: A dual-space model of semantic relations and compositions},
  author={Turney, Peter D},
  journal={Journal of Artificial Intelligence Research},
  volume={44},
  pages={533--585},
  year={2012}
}

@inproceedings{vadas2007adding,
  title={Adding noun phrase structure to the Penn Treebank},
  author={Vadas, David and Curran, James},
  booktitle={ANNUAL MEETING-ASSOCIATION FOR COMPUTATIONAL LINGUISTICS},
  volume={45},
  number={1},
  pages={240},
  year={2007}
}

@inproceedings{lotan2013truthteller,
  title={TruthTeller: Annotating Predicate Truth.},
  author={Lotan, Amnon and Stern, Asher and Dagan, Ido},
  booktitle={HLT-NAACL},
  pages={752--757},
  year={2013}
}

@article{toledo2014towards,
  title={Towards a Semantic Model for Textual Entailment Annotation},
  author={Toledo, Assaf and Alexandropoupou, Stavroula and Chesney, Sophie and Katrenko, Sophia and Klockmann, Heidi and Kokke, Pepijn and Kruit, Benno and Winter, Yoad},
  journal={Linguistic Issues in Language Technology},
  volume={9},
  year={2014}
}

@article{huddleston2002cambridge,
  title={The Cambridge Grammar of English},
  author={Huddleston, Rodney and Pullum, Geoffrey K and others},
  journal={Language. Cambridge: Cambridge University Press},
  year={2002}
}

@inproceedings{ccg,
  title={CCGbank: A Corpus of CCG Derivations and Dependency Structures Extracted from the Penn Treebank},
  author={Julia Hockenmaier and Mark Steedman},
  booktitle={Computational Linguistics},
  year={2007}
}

@article{charniak2000bllip,
  title={Bllip 1987-89 wsj corpus release 1},
  author={Charniak, Eugene and Blaheta, Don and Ge, Niyu and Hall, Keith and Hale, John and Johnson, Mark},
  journal={Linguistic Data Consortium, Philadelphia},
  volume={36},
  year={2000}
}

@article{bies1995bracketing,
  title={Bracketing guidelines for Treebank II style Penn Treebank project},
  author={Bies, Ann and Ferguson, Mark and Katz, Karen and MacIntyre, Robert and Tredinnick, Victoria and Kim, Grace and Marcinkiewicz, Mary Ann and Schasberger, Britta},
  journal={University of Pennsylvania},
  volume={97},
  pages={100},
  year={1995}
}

@article{de2008stanford,
  title={Stanford typed dependencies manual},
  author={de Marneffe, Marie-Catherine and Manning, Christopher D},
  journal={URL http://nlp. stanford. edu/software/dependencies manual. pdf},
  year={2008}
}

@inproceedings{petrov2007improved,
  title={Improved Inference for Unlexicalized Parsing.},
  author={Petrov, Slav and Klein, Dan},
  booktitle={HLT-NAACL},
  volume={7},
  pages={404--411},
  year={2007}
}

@inproceedings{moschitti,
  title={Efficient convolution kernels for dependency and constituent syntactic trees.},
  author={Alessandro Moschitti},
  booktitle={17th European conference on Machine Learning, ECMLâ06},
  pages={318â329},
  year={2006}
}

@inproceedings{Croce,
  title={ Structured lexical similarity via convolution kernels on dependency trees.},
  author={Danilo Croce, Alessandro Moschitti and Roberto Basili},
  booktitle={the Conference on Empirical Methods in Natural Language Processing, EMNLP â11},
  pages={1034â1046},
  year={2011}
}

@book{kamp1993discourse,
  title={From discourse to logic: Introduction to model theoretic semantics of natural language, formal logic and discourse representation theory},
  author={Kamp, Hans and Reyle, Uwe},
  number={42},
  year={1993},
  publisher={Springer Science \& Business Media}
}

@article{de2013more,
  title={More constructions, more genres: Extending Stanford dependencies},
  author={de Marneffe, Marie-Catherine and Connor, Miriam and Silveira, Natalia and Bowman, Samuel R and Dozat, Timothy and Manning, Christopher D},
  journal={Proceedings of DepLing},
  year={2013},
  publisher={Citeseer}
}

@incollection{stalnaker1981theory,
  title={A theory of conditionals},
  author={Stalnaker, Robert C},
  booktitle={Studies in Logical Theory},
  pages={41--55},
  year={1981},
  publisher={Springer}
}

@article{bennett2003philosophical,
  title={A philosophical guide to conditionals},
  author={Bennett, Jonathan},
  year={2003}
}

@article{jackson1991conditionals,
  title={Conditionals},
  author={Jackson, Frank},
  year={1991}
}

@inproceedings{carreras2005introduction,
  title={Introduction to the CoNLL-2005 shared task: Semantic role labeling},
  author={Carreras, Xavier and M{\`a}rquez, Llu{\'\i}s},
  booktitle={Proceedings of the Ninth Conference on Computational Natural Language Learning},
  pages={152--164},
  year={2005},
  organization={Association for Computational Linguistics}
}

@inproceedings{surdeanu2008conll,
  title={The CoNLL-2008 shared task on joint parsing of syntactic and semantic dependencies},
  author={Surdeanu, Mihai and Johansson, Richard and Meyers, Adam and M{\`a}rquez, Llu{\'\i}s and Nivre, Joakim},
  booktitle={Proceedings of the Twelfth Conference on Computational Natural Language Learning},
  pages={159--177},
  year={2008},
  organization={Association for Computational Linguistics}
}

@inproceedings{hajivc2009conll,
  title={The CoNLL-2009 shared task: Syntactic and semantic dependencies in multiple languages},
  author={Haji{\v{c}}, Jan and Ciaramita, Massimiliano and Johansson, Richard and Kawahara, Daisuke and Mart{\'\i}, Maria Ant{\`o}nia and M{\`a}rquez, Llu{\'\i}s and Meyers, Adam and Nivre, Joakim and Pad{\'o}, Sebastian and {\v{S}}t{\v{e}}p{\'a}nek, Jan and others},
  booktitle={Proceedings of the Thirteenth Conference on Computational Natural Language Learning: Shared Task},
  pages={1--18},
  year={2009},
  organization={Association for Computational Linguistics}
}

@article{flanigan2014discriminative,
  title={A discriminative graph-based parser for the Abstract Meaning Representation},
  author={Flanigan, Jeffrey and Thomson, Sam and Carbonell, Jaime and Dyer, Chris and Smith, Noah A},
  year={2014},
  publisher={Citeseer}
}

@inproceedings{blaheta2001unsupervised,
  title={Unsupervised learning of multi-word verbs},
  author={Blaheta, Don and Johnson, Mark},
  booktitle={Proc. of the ACL/EACL 2001 Workshop on the Computational Extraction, Analysis and Exploitation of Collocations},
  pages={54--60},
  year={2001}
}

@inproceedings{abend2013universal,
  title={Universal Conceptual Cognitive Annotation (UCCA).},
  author={Abend, Omri and Rappoport, Ari},
  booktitle={Proceedings of the 2013 conference of the Association for Computational Linguistics},
  year={2013}
}

@inproceedings{berantSrikumar14,
  author = {Jonathan Berant and Vivek Srikumar and Pei-Chun Chen and Abby Vander Linden and Brittany Harding and Brad Huang and Peter Clark and Christopher D. Manning},
  booktitle = {Proceedings of EMNLP},
  title = {Modeling Biological Processes for Reading Comprehension},
  year = {2014},
}

@inproceedings{ballesteros2014deepsyntactic,
  title={Deepsyntactic parsing},
  author={Ballesteros, Miguel and Bohnet, Bernd and Mille, Simon and Wanner, Leo},
  booktitle={Proceedings of the 25th International Conference on Computational Linguistics (COLING), Dublin, Ireland},
  year={2014}
}

@book{igor1988dependency,
  title={Dependency syntax: theory and practice},
  author={IgorÊ¹ Aleksandrovi{\v{c}} MelÊ¹{\v{c}}uk},
  year={1988},
  publisher={SUNY Press}
}

@phdthesis{schneider-thesis,
	address = {Pittsburgh, Pennsylvania, {USA}},
	type = {{Ph.D.} dissertation},
	title = {Lexical Semantic Analysis in Natural Language Text},
	url = {http://www.cs.cmu.edu/~nschneid/thesis/thesis-print.pdf},
	school = {Carnegie Mellon University},
	author = {Schneider, Nathan},
	month = sep,
	year = {2014}
}

@inproceedings{gmb,
  title={Developing a large semantically annotated corpus.},
  author={Basile, Valerio and Bos, Johan and Evang, Kilian and Venhuizen, Noortje},
  booktitle={LREC},
  volume={12},
  pages={3196--3200},
  year={2012}
}

@inproceedings{unl,
  title={The universal networking language beyond machine translation},
  author={Uchida, Hiroshi and Zhu, Meiying},
  booktitle={International Symposium on Language in Cyberspace, Seoul},
  pages={26--27},
  year={2001}
}

@inproceedings{cucerzan2005factoid,
  title={Factoid Question Answering over Unstructured and Structured Web Content.},
  author={Cucerzan, Silviu and Agichtein, Eugene},
  booktitle={TREC},
  volume={72},
  pages={90},
  year={2005}
}

@inproceedings{petrov2007improved,
  title={Improved Inference for Unlexicalized Parsing.},
  author={Petrov, Slav and Klein, Dan},
  booktitle={HLT-NAACL},
  volume={7},
  pages={404--411},
  year={2007}
}

@inproceedings{oepen2014semeval,
  title={SemEval 2014 Task 8: Broad-coverage semantic dependency parsing},
  author={Oepen, Stephan and Kuhlmann, Marco and Miyao, Yusuke and Zeman, Daniel and Flickinger, Dan and Hajic, Jan and Ivanova, Angelina and Zhang, Yi},
  booktitle={Proceedings of the 8th International Workshop on Semantic Evaluation (SemEval 2014)},
  pages={63--72},
  year={2014}
}

@inproceedings{popel2013coordination,
  title={Coordination Structures in Dependency Treebanks.},
  author={Popel, Martin and Marecek, David and Step{\'a}nek, Jan and Zeman, Daniel and Zabokrtsk{\`y}, Zdenek},
  booktitle={Proc. of ACL},
  pages={517--527},
  year={2013}
}

@incollection{bohmova2003prague,
  title={The Prague dependency treebank},
  author={B{\"o}hmov{\'a}, Alena and Haji{\v{c}}, Jan and Haji{\v{c}}ov{\'a}, Eva and Hladk{\'a}, Barbora},
  booktitle={Treebanks},
  pages={103--127},
  year={2003},
  publisher={Springer}
}

@inproceedings{miyao2008task,
  title={Task-oriented Evaluation of Syntactic Parsers and Their Representations.},
  author={Miyao, Yusuke and S{\ae}tre, Rune and Sagae, Kenji and Matsuzaki, Takuya and Jun'ichi Tsujii},
  booktitle={Proc. of ACL},
  volume={8},
  pages={46--54},
  year={2008}
}

@inproceedings{aramaki2009text2table,
  title={TEXT2TABLE: medical text summarization system based on named entity recognition and modality identification},
  author={Aramaki, Eiji and Miura, Yasuhide and Tonoike, Masatsugu and Ohkuma, Tomoko and Mashuichi, Hiroshi and Ohe, Kazuhiko},
  booktitle={Proceedings of the Workshop on Current Trends in Biomedical Natural Language Processing},
  pages={185--192},
  year={2009},
  organization={Association for Computational Linguistics}
}

@inproceedings{prasad2006annotating,
  title={Annotating attribution in the Penn discourse treebank},
  author={Prasad, Rashmi and Dinesh, Nikhil and Lee, Alan and Joshi, Aravind and Webber, Bonnie},
  booktitle={Proceedings of the Workshop on Sentiment and Subjectivity in Text},
  pages={31--38},
  year={2006},
  organization={Association for Computational Linguistics}
}

@inproceedings{pareti2012database,
  title={A Database of Attribution Relations.},
  author={Pareti, Silvia},
  booktitle={LREC},
  pages={3213--3217},
  year={2012},
  organization={Citeseer}
}

@InProceedings{flanigan-etal:ACL2014,
  author    = {J. Flanigan and S. Thomson and J. Carbonell and C. Dyer and N. A. Smith},
  title     = {A Discriminative Graph-Based Parser for the Abstract Meaning Representation},
  booktitle = {Proc. of ACL},
  month     = {June},
  year      = {2014},
  address   = {Baltimore, Maryland},
  publisher = {Association for Computational Linguistics},
}

@inproceedings{culotta2004dependency,
  title={Dependency tree kernels for relation extraction},
  author={Culotta, Aron and Sorensen, Jeffrey},
  booktitle={Proceedings of the 42nd Annual Meeting on Association for Computational Linguistics},
  pages={423},
  year={2004},
  organization={Association for Computational Linguistics}
}

@book{davies2008grammar,
  title={The grammar of raising and control: A course in syntactic argumentation},
  author={Davies, William D and Dubinsky, Stanley},
  year={2008},
  publisher={John Wiley \& Sons}
}

@inproceedings{2015angeli-openie,
  title = {Leveraging Linguistic Structure For Open Domain Information Extraction},
  author = {Gabor Angeli and Melvin Johnson Premkumar and Christopher D. Manning},
  booktitle = {Proceedings of the 53rd Annual Meeting of the Association for Computational Linguistics (ACL 2015)},
  year = {2015}
}

@inproceedings{2015stanovsky,
  title = {Open {I}{E} as an Intermediate Structure for Semantic Tasks},
  author = {Gabriel Stanovsky and Ido Dagan and Mausam},
  booktitle = {Proceedings of the 53rd Annual Meeting of the Association for Computational Linguistics (ACL 2015)},
  year = {2015}
}


@inproceedings{2016stanovskyACL,
  title = {Specifying and Annotating Reduced Argument Span Via QA-SRL},
  author = {Gabriel Stanovsky and Ido Dagan and Meni Adler},
  booktitle = {Proceedings of the 54rd Annual Meeting of the Association for Computational Linguistics (ACL 2015)},
  year = {2016}
}



@InProceedings{wang2015amr,
  author    = {Wang, Chuan  and  Xue, Nianwen  and  Pradhan, Sameer},
  title     = {A Transition-based Algorithm for AMR Parsing},
  booktitle = {Proceedings of the 2015 Conference of the North American Chapter of the Association for Computational Linguistics: Human Language Technologies},
  month     = {May--June},
  year      = {2015},
  address   = {Denver, Colorado},
  publisher = {Association for Computational Linguistics},
  pages     = {366--375},
  url       = {http://www.aclweb.org/anthology/N15-1040}
}

@InProceedings{pust2015amr,
  author    = {Pust, Michael  and  Hermjakob, Ulf  and  Knight, Kevin  and  Marcu, Daniel  and  May, Jonathan},
  title     = {Parsing English into Abstract Meaning Representation Using Syntax-Based Machine Translation},
  booktitle = {Proceedings of the 2015 Conference on Empirical Methods in Natural Language Processing},
  month     = {September},
  year      = {2015},
  address   = {Lisbon, Portugal},
  publisher = {Association for Computational Linguistics},
  pages     = {1143--1154},
  url       = {http://aclweb.org/anthology/D15-1136}
}

@InProceedings{artzi2015amr,
  author    = {Artzi, Yoav  and  Lee, Kenton  and  Zettlemoyer, Luke},
  title     = {Broad-coverage CCG Semantic Parsing with AMR},
  booktitle = {Proceedings of the 2015 Conference on Empirical Methods in Natural Language Processing},
  month     = {September},
  year      = {2015},
  address   = {Lisbon, Portugal},
  publisher = {Association for Computational Linguistics},
  url       = {http://aclweb.org/anthology/D15-1198}
}

@InProceedings{hequestion,
  title={Question-Answer Driven Semantic Role Labeling: Using Natural Language to Annotate Natural Language},
  year = {2015},
  booktitle={the Conference on Empirical Methods in Natural Language Processing (EMNLP)},
  author={He, Luheng and Lewis, Mike and Zettlemoyer, Luke}
}

@InProceedings{Berant:ACL11,
  author    = {Berant, Jonathan and Ido Dagan and Jacob Goldberger},
  title     = {Global Learning of Typed Entailment Rules},
  booktitle = {Proceedings of ACL},
  year      = {2011},
  address   = {Portland, OR},
}

@InProceedings{Melamud:ACL13,
  author    = {Melamud, Oren and Jonathan Berant and Ido Dagan and Jacob Goldberger and Idan Szpektor},
  title     = {A Two Level Model for Context Sensitive Inference Rules },
  booktitle = {Proceedings of ACL},
  year      = {2013},
}

@book{valencia1991studies,
  title={Studies on Natural Logic and Categorial Grammar},
  author={Valencia, V{\'\i}ctor Manuel S{\'a}nchez},
  year={1991},
  publisher={VM Sanchez Valencia}
}

@article{props2016,
  title={Getting More Out Of Syntax with PropS},
  author={Stanovsky, Gabriel and Ficler, Jessica  and Dagan, Ido  and Goldberg, Yoav},
  journal={arXiv preprint},
  year={2016}
}

@inproceedings{honnibal2010rebanking,
  title={Rebanking CCGbank for improved NP interpretation},
  author={Honnibal, Matthew and Curran, James R and Bos, Johan},
  booktitle={Proceedings of the 48th Annual Meeting of the Association for Computational Linguistics},
  pages={207--215},
  year={2010},
  organization={Association for Computational Linguistics}
}

@article{dornescu2014relative,
  title={Relative clause extraction for syntactic simplification},
  author={Dornescu, Iustin and Evans, Richard and Orasan, Constantin},
  journal={COLING 2014},
  pages={1},
  year={2014}
}

@inproceedings{johansson2008dependency,
  title={Dependency-based syntactic-semantic analysis with PropBank and NomBank},
  author={Johansson, Richard and Nugues, Pierre},
  booktitle={Proceedings of the Twelfth Conference on Computational Natural Language Learning},
  pages={183--187},
  year={2008},
  organization={Association for Computational Linguistics}
}

@article{crf,
  title={Conditional random fields: Probabilistic models for segmenting and labeling sequence data},
  author={Lafferty, John and McCallum, Andrew and Pereira, Fernando CN},
  year={2001}
}

@misc{CRFsuite,
	author = {Naoaki Okazaki},
	title = {CRFsuite: a fast implementation of Conditional Random Fields (CRFs)},
	url = {http://www.chokkan.org/software/crfsuite/},
	year = {2007}
}

@inproceedings{sha2003shallow,
  title={Shallow parsing with conditional random fields},
  author={Sha, Fei and Pereira, Fernando},
  booktitle={Proceedings of the 2003 Conference of the North American Chapter of the Association for Computational Linguistics on Human Language Technology-Volume 1},
  pages={134--141},
  year={2003},
  organization={Association for Computational Linguistics}
}

@article{santorini1990part,
  title={Part-of-speech tagging guidelines for the Penn Treebank Project (3rd revision)},
  author={Santorini, Beatrice},
  year={1990}
}

@article{fabb1990difference,
  title={The difference between English restrictive and nonrestrictive relative clauses},
  author={Fabb, Nigel},
  journal={Journal of linguistics},
  volume={26},
  number={01},
  pages={57--77},
  year={1990},
  publisher={Cambridge Univ Press}
}

@inproceedings{umbach2006non,
  title={Non-restrictive modification and backgrounding},
  author={Umbach, Carla},
  booktitle={Proceedings of the Ninth Symposium on Logic and Language},
  pages={152--159},
  year={2006}
}

@inproceedings{ganesan2010opinosis,
  title={Opinosis: a graph-based approach to abstractive summarization of highly redundant opinions},
  author={Ganesan, Kavita and Zhai, ChengXiang and Han, Jiawei},
  booktitle={Proceedings of the 23rd international conference on computational linguistics},
  pages={340--348},
  year={2010},
  organization={Association for Computational Linguistics}
}


@article{knight2002summarization,
  title={Summarization beyond sentence extraction: A probabilistic approach to sentence compression},
  author={Knight, Kevin and Marcu, Daniel},
  journal={Artificial Intelligence},
  volume={139},
  number={1},
  pages={91--107},
  year={2002},
  publisher={Elsevier}
}

@inproceedings{finkel2005incorporating,
  title={Incorporating non-local information into information extraction systems by gibbs sampling},
  author={Finkel, Jenny Rose and Grenager, Trond and Manning, Christopher},
  booktitle={Proceedings of the 43rd Annual Meeting on Association for Computational Linguistics},
  pages={363--370},
  year={2005},
  organization={Association for Computational Linguistics}
}

@inproceedings{del2013clausie,
  title={Clausie: clause-based open information extraction},
  author={Del Corro, Luciano and Gemulla, Rainer},
  booktitle={Proceedings of the 22nd international conference on World Wide Web},
  pages={355--366},
  year={2013},
  organization={International World Wide Web Conferences Steering Committee}
}

@article{jbi12guru,
title = "Development of a benchmark corpus to support the automatic extraction of drug-related adverse effects from medical case reports ",
journal = "Journal of Biomedical Informatics ",
volume = "45",
number = "5",
pages = "885 - 892",
year = "2012",
note = "Text Mining and Natural Language Processing in Pharmacogenomics ",
issn = "1532-0464",
doi = "http://dx.doi.org/10.1016/j.jbi.2012.04.008",
url = "http://www.sciencedirect.com/science/article/pii/S1532046412000615",
author = "Harsha Gurulingappa and Abdul Mateen Rajput and Angus Roberts and Juliane Fluck and Martin Hofmann-Apitius and Luca Toldo",
keywords = "Adverse drug effect",
keywords = "Benchmark corpus",
keywords = "Annotation",
keywords = "Harmonization",
keywords = "Sentence classification ",
abstract = "A significant amount of information about drug-related safety issues such as adverse effects are published in medical case reports that can only be explored by human readers due to their unstructured nature. The work presented here aims at generating a systematically annotated corpus that can support the development and validation of methods for the automatic extraction of drug-related adverse effects from medical case reports. The documents are systematically double annotated in various rounds to ensure consistent annotations. The annotated documents are finally harmonized to generate representative consensus annotations. In order to demonstrate an example use case scenario, the corpus was employed to train and validate models for the classification of informative against the non-informative sentences. A Maximum Entropy classifier trained with simple features and evaluated by 10-fold cross-validation resulted in the \{F1\} score of 0.70 indicating a potential useful application of the corpus. "
}


@inproceedings{context,
  author    = {Rie Johnson and
               Tong Zhang},
  title     = {Supervised and Semi-Supervised Text Categorization using {LSTM} for
               Region Embeddings},
  booktitle = {Proceedings of the 33nd International Conference on Machine Learning,
               {ICML} 2016, New York City, NY, USA, June 19-24, 2016},
  pages     = {526--534},
  year      = {2016},
  crossref  = {DBLP:conf/icml/2016},
  url       = {http://jmlr.org/proceedings/papers/v48/johnson16.html},
  timestamp = {Tue, 12 Jul 2016 21:51:16 +0200},
  biburl    = {http://dblp.uni-trier.de/rec/bib/conf/icml/JohnsonZ16}
}


@article{karimi2015cadec,
  title={Cadec: A corpus of adverse drug event annotations},
  author={Karimi, Sarvnaz and Metke-Jimenez, Alejandro and Kemp, Madonna and Wang, Chen},
  journal={Journal of biomedical informatics},
  volume={55},
  pages={73--81},
  year={2015},
  publisher={Elsevier}
}

@inproceedings{wang2015building,
  title={Building a semantic parser overnight},
  author={Wang, Yushi and Berant, Jonathan and Liang, Percy},
  booktitle={Association for Computational Linguistics (ACL)},
  year={2015}
}

@inproceedings{limsopatham2016normalising,
  title={Normalising medical concepts in social media texts by learning semantic representation},
  author={Limsopatham, Nut and Collier, Nigel},
  year={2016},
  organization={ACL}
}

@article{iqbal2015identification,
  title={Identification of adverse drug events from free text electronic patient records and information in a large mental health case register},
  author={Iqbal, Ehtesham and Mallah, Robbie and Jackson, Richard George and Ball, Michael and Ibrahim, Zina M and Broadbent, Matthew and Dzahini, Olubanke and Stewart, Robert and Johnston, Caroline and Dobson, Richard JB},
  journal={PloS one},
  volume={10},
  number={8},
  pages={e0134208},
  year={2015},
  publisher={Public Library of Science}
}

@inproceedings{stenetorp2012brat,
  title={BRAT: a web-based tool for NLP-assisted text annotation},
  author={Stenetorp, Pontus and Pyysalo, Sampo and Topi{\'c}, Goran and Ohta, Tomoko and Ananiadou, Sophia and Tsujii, Jun'ichi},
  booktitle={Proceedings of the Demonstrations at the 13th Conference of the European Chapter of the Association for Computational Linguistics},
  pages={102--107},
  year={2012},
  organization={Association for Computational Linguistics}
}

@inproceedings{stenetorp2011bionlp,
  title={BioNLP shared task 2011: Supporting resources},
  author={Stenetorp, Pontus and Topi{\'c}, Goran and Pyysalo, Sampo and Ohta, Tomoko and Kim, Jin-Dong and Tsujii, Jun'ichi},
  booktitle={Proceedings of the BioNLP Shared Task 2011 Workshop},
  pages={112--120},
  year={2011},
  organization={Association for Computational Linguistics}
}

@book{cote1977systematized,
  title={Systematized nomenclature of medicine},
  author={Cote, Roger A and College of American Pathologists and others},
  year={1977},
  publisher={College of American Pathologists}
}

@article{brown1999medical,
  title={The medical dictionary for regulatory activities (MedDRA)},
  author={Brown, Elliot G and Wood, Louise and Wood, Sue},
  journal={Drug Safety},
  volume=20,
  number=2,
  pages={109--117},
  year=1999,
  publisher={Springer}
}

@article{collobert2011natural,
  title={Natural language processing (almost) from scratch},
  author={Collobert, Ronan and Weston, Jason and Bottou, L{\'e}on and Karlen, Michael and Kavukcuoglu, Koray and Kuksa, Pavel},
  journal={Journal of Machine Learning Research},
  volume={12},
  number={Aug},
  pages={2493--2537},
  year={2011}
}


@inproceedings{bordes2011learning,
  title={Learning structured embeddings of knowledge bases},
  author={Bordes, Antoine and Weston, Jason and Collobert, Ronan and Bengio, Yoshua},
  booktitle={Conference on Artificial Intelligence},
  number={EPFL-CONF-192344},
  year={2011}
}


@inproceedings{bordes2013translating,
  title={Translating embeddings for modeling multi-relational data},
  author={Bordes, Antoine and Usunier, Nicolas and Garcia-Duran, Alberto and Weston, Jason and Yakhnenko, Oksana},
  booktitle={Advances in Neural Information Processing Systems},
  pages={2787--2795},
  year={2013}
}

@inproceedings{wang2014knowledge,
  title={Knowledge Graph Embedding by Translating on Hyperplanes.},
  author={Wang, Zhen and Zhang, Jianwen and Feng, Jianlin and Chen, Zheng},
  booktitle={AAAI},
  pages={1112--1119},
  year={2014},
  organization={Citeseer}
}

@inproceedings{ji2016knowledge,
  title={Knowledge graph completion with adaptive sparse transfer matrix},
  author={Ji, Guoliang and Liu, Kang and He, Shizhu and Zhao, Jun},
  booktitle={Proceedings of AAAI},
  year=2016
}

@article{graves2012sequence,
  title={Sequence transduction with recurrent neural networks},
  author={Graves, Alex},
  journal={arXiv preprint arXiv:1211.3711},
  year={2012}
}

@misc{chollet2015,
author = {FranÃ§ois Chollet },
title = {keras},
year = {2015},
publisher = {GitHub},
journal = {GitHub repository},
howpublished = {\url{https://github.com/fchollet/keras}},
commit = {5bcac37}
}

@article{settles2010active,
  title={Active learning literature survey},
  author={Settles, Burr},
  journal={University of Wisconsin, Madison},
  volume={52},
  number={55-66},
  pages={11},
  year={2010}
}

@TechReport{libact,
  author =   {Yao-Yuan Yang and Yu-An Chung and Shao-Chuan Lee and Tung-En Wu and Hsuan-Tien Lin},
  title =    {libact: Pool-based Active Learning in Python},
  url = {https://github.com/ntucllab/libact},
  year = {2015}
}

@misc{tensorflow2015-whitepaper,
title={{TensorFlow}: Large-Scale Machine Learning on Heterogeneous Systems},
note={Software available from tensorflow.org},
author={
    Mart\'{\i}n~Abadi and
    Ashish~Agarwal and
    Paul~Barham and
    Eugene~Brevdo and
    Zhifeng~Chen and
    Craig~Citro and
    Greg~S.~Corrado and
    Andy~Davis and
    Jeffrey~Dean and
    Matthieu~Devin and
    Sanjay~Ghemawat and
    Ian~Goodfellow and
    Andrew~Harp and
    Geoffrey~Irving and
    Michael~Isard and
    Yangqing Jia and
    Rafal~Jozefowicz and
    Lukasz~Kaiser and
    Manjunath~Kudlur and
    Josh~Levenberg and
    Dan~Man\'{e} and
    Rajat~Monga and
    Sherry~Moore and
    Derek~Murray and
    Chris~Olah and
    Mike~Schuster and
    Jonathon~Shlens and
    Benoit~Steiner and
    Ilya~Sutskever and
    Kunal~Talwar and
    Paul~Tucker and
    Vincent~Vanhoucke and
    Vijay~Vasudevan and
    Fernanda~Vi\'{e}gas and
    Oriol~Vinyals and
    Pete~Warden and
    Martin~Wattenberg and
    Martin~Wicke and
    Yuan~Yu and
    Xiaoqiang~Zheng},
  year={2015},
}

@article{nickel2015holographic,
  title={Holographic Embeddings of Knowledge Graphs},
  author={Nickel, Maximilian and Rosasco, Lorenzo and Poggio, Tomaso},
  journal={arXiv preprint arXiv:1510.04935},
  year={2015}
}

@article{chawla2002smote,
  title={SMOTE: synthetic minority over-sampling technique},
  author={Chawla, Nitesh V. and Bowyer, Kevin W. and Hall, Lawrence O. and Kegelmeyer, W. Philip},
  journal={Journal of artificial intelligence research},
  volume={16},
  pages={321--357},
  year={2002}
}

@article{lemaitre2016imbalanced,
author    = {Guillaume Lema\^{i}tre and
             Fernando Nogueira and
             Christos K. Aridas},
title     = {Imbalanced-learn: A Python Toolbox to Tackle the Curse of Imbalanced Datasets in Machine Learning},
journal   = {CoRR},
volume    = {abs/1609.06570},
year      = {2016},
url       = {http://arxiv.org/abs/1609.06570}
}

@article{dbpedia-swj,
added-at = {2016-09-26T16:46:55.000+0200},
author = {Lehmann, Jens and Isele, Robert and Jakob, Max and Jentzsch, Anja and Kontokostas, Dimitris and Mendes, Pablo N. and Hellmann, Sebastian and Morsey, Mohamed and van Kleef, Patrick and Auer, S{\"o}ren and Bizer, Christian},
bdsk-url-1 = {http://jens-lehmann.org/files/2014/swj_dbpedia.pdf},
biburl = {http://www.bibsonomy.org/bibtex/2a5edc5b0d8c72ddba61890eac0a5c57b/aksw},
interhash = {200216bdff758e6806b60acb04b5eea7},
intrahash = {a5edc5b0d8c72ddba61890eac0a5c57b},
journal = {Semantic Web Journal},
keywords = {2014 MOLE dllearner geoknow group_aksw kontokostas lehmann lod2page topic_Classification},
number = 2,
pages = {167--195},
timestamp = {2016-09-26T16:46:55.000+0200},
title = {{DBpedia} - A Large-scale, Multilingual Knowledge Base Extracted from Wikipedia},
url = {http://jens-lehmann.org/files/2014/swj_dbpedia.pdf},
volume = 6,
year = 2015
}



@inproceedings{ratinov2009design,
  title={Design challenges and misconceptions in named entity recognition},
  author={Ratinov, Lev and Roth, Dan},
  booktitle={Proceedings of the Thirteenth Conference on Computational Natural Language Learning},
  pages={147--155},
  year={2009},
  organization={Association for Computational Linguistics}
}


@article{ramshaw1995text,
  title={Text chunking using transformation-based learning},
  author={Ramshaw, Lance A and Marcus, Mitchell P},
  journal={arXiv preprint cmp-lg/9505040},
  year={1995}
}
@inproceedings{sang1999representing,
  title={Representing text chunks},
  author={Sang, Erik F and Veenstra, Jorn},
  booktitle={Proceedings of the ninth conference on European chapter of the Association for Computational Linguistics},
  pages={173--179},
  year={1999},
  organization={Association for Computational Linguistics}
}


@inproceedings{coden2012spot,
  title={SPOT the drug! An unsupervised pattern matching method to extract drug names from very large clinical corpora},
  author={Coden, Anni and Gruhl, Daniel and Lewis, Neal and Tanenblatt, Michael and Terdiman, Joe},
  booktitle={Healthcare Informatics, Imaging and Systems Biology (HISB), 2012 IEEE Second International Conference on},
  pages={33--39},
  year={2012},
  organization={IEEE}
}



@inproceedings{lewis1994sequential,
  title={A sequential algorithm for training text classifiers},
  author={Lewis, David D and Gale, William A},
  booktitle={Proceedings of the 17th annual international ACM SIGIR conference on Research and development in information retrieval},
  pages={3--12},
  year={1994},
  organization={Springer-Verlag New York, Inc.}
}

@article{he2009learning,
  title={Learning from imbalanced data},
  author={He, Haibo and Garcia, Edwardo A},
  journal={IEEE Transactions on knowledge and data engineering},
  volume={21},
  number={9},
  pages={1263--1284},
  year={2009},
  publisher={IEEE}
}

@InProceedings{Stanovsky2016EMNLP,
  author    = {Gabriel Stanovsky and Ido Dagan},
  title     = {Creating a Large Benchmark for Open Information Extraction},
  booktitle = {Proceedings of the 2016 Conference on Empirical Methods in Natural Language Processing (EMNLP)},
  month     = {November},
  year      = {2016},
  address   = {Austin, Texas},
  publisher = {Association for Computational Linguistics},
}

@inproceedings{bhutani2016nested,
  author={Bhutani, Nikita and Jagadish, HV and Radev, Dragomir},
  title={Nested propositions in open information extraction},
  booktitle = {Proceedings of the 2016 Conference on Empirical Methods in Natural Language Processing (EMNLP)},
  month     = {November},
  year      = {2016},
  address   = {Austin, Texas},
  publisher = {Association for Computational Linguistics},
  pages     = {55--64}
}

@inproceedings{RothLapata16,
  author = {Roth, Michael  and  Lapata, Mirella},
  title = {Neural Semantic Role Labeling with Dependency Path Embeddings},
  booktitle = {Proceedings of the 54th Annual Meeting of the Association for Computational Linguistics (Volume 1: Long Papers)},
  month = {August},
  year = {2016},
  address = {Berlin, Germany},
  pages = {1192--1202}
}

@inproceedings{baidusrl,
author    = {Jie Zhou and Wei Xu},
title     = {End-to-end learning of semantic role labeling using recurrent neural networks},
booktitle = {Proceedings of the 53rd Annual Meeting of the Association for Computational Linguistics and the 7th International Joint Conference on Natural Language Processing of the Asian Federation of Natural Language Processing, {ACL} 2015, July 26-31, 2015, Beijing, China, Volume 1: Long Papers},
pages     = {1127--1137},
year      = {2015}
}

@inproceedings{pennington2014glove,
  title={Glove: Global Vectors for Word Representation.},
  author={Pennington, Jeffrey and Socher, Richard and Manning, Christopher D},
  booktitle={EMNLP},
  volume={14},
  pages={1532--1543},
  year={2014}
}

@inproceedings{nair2010rectified,
title={Rectified linear units improve restricted boltzmann machines},
author={Nair, Vinod and Hinton, Geoffrey E},
booktitle={Proceedings of the 27th international conference on machine learning (ICML-10)},
pages={807--814},
year={2010}
}


@inproceedings{yang2016peak,
title={PEAK: Pyramid Evaluation via Automated Knowledge Extraction.},
author={Yang, Qian and Passonneau, Rebecca J and de Melo, Gerard},
booktitle={AAAI},
pages={2673--2680},
year={2016}
}

@inproceedings{pradhan2012conll,
title={CoNLL-2012 shared task: Modeling multilingual unrestricted coreference in OntoNotes},
author={Pradhan, Sameer and Moschitti, Alessandro and Xue, Nianwen and Uryupina, Olga and Zhang, Yuchen},
booktitle={Joint Conference on EMNLP and CoNLL-Shared Task},
pages={1--40},
year={2012},
organization={Association for Computational Linguistics}
}

@article{estabrooks2004multiple,
  title={A multiple resampling method for learning from imbalanced data sets},
    author={Estabrooks, Andrew and Jo, Taeho and Japkowicz, Nathalie},
      journal={Computational intelligence},
        volume={20},
          number={1},
            pages={18--36},
              year={2004},
                publisher={Wiley Online Library}
                }